
    <marc:record>
        <marc:leader>02111cpcaa2200361Ii 4500</marc:leader>
        <marc:controlfield tag="001">002568488</marc:controlfield>
        <marc:controlfield tag="005">20200427150159.0</marc:controlfield>
        <marc:controlfield tag="008">990419i18291847wvu                 eng d</marc:controlfield>
        <marc:datafield tag="035" ind1=" " ind2=" ">
            <marc:subfield code="a">41204510</marc:subfield>
        </marc:datafield>
        <marc:datafield tag="040" ind1=" " ind2=" ">
            <marc:subfield code="a">NDD</marc:subfield>
            <marc:subfield code="b">eng</marc:subfield>
            <marc:subfield code="e">rda</marc:subfield>
            <marc:subfield code="e">dacs</marc:subfield>
            <marc:subfield code="c">NDD</marc:subfield>
            <marc:subfield code="d">OCLCF</marc:subfield>
            <marc:subfield code="d">OCL</marc:subfield>
            <marc:subfield code="d">NDD</marc:subfield>
        </marc:datafield>
        <marc:datafield tag="041" ind1=" " ind2=" ">
            <marc:subfield code="a">eng</marc:subfield>
        </marc:datafield>
        <marc:datafield tag="049" ind1=" " ind2=" ">
            <marc:subfield code="a">NDDP</marc:subfield>
        </marc:datafield>
        <marc:datafield tag="100" ind1="1" ind2=" ">
            <marc:subfield code="a">Howell, David,</marc:subfield>
            <marc:subfield code="e">correspondent.</marc:subfield>
        </marc:datafield>
        <marc:datafield tag="245" ind1="1" ind2="0">
            <marc:subfield code="a">David Howell family corrrespondence,</marc:subfield>
            <marc:subfield code="f">1829-1847.</marc:subfield>
        </marc:datafield>
        <marc:datafield tag="264" ind1=" " ind2="0">
            <marc:subfield code="c">1829-1847.</marc:subfield>
        </marc:datafield>
        <marc:datafield tag="300" ind1=" " ind2=" ">
            <marc:subfield code="a">15 items</marc:subfield>
        </marc:datafield>
        <marc:datafield tag="336" ind1=" " ind2=" ">
            <marc:subfield code="a">text</marc:subfield>
            <marc:subfield code="b">txt</marc:subfield>
            <marc:subfield code="2">rdacontent</marc:subfield>
        </marc:datafield>
        <marc:datafield tag="337" ind1=" " ind2=" ">
            <marc:subfield code="a">unmediated</marc:subfield>
            <marc:subfield code="b">n</marc:subfield>
            <marc:subfield code="2">rdamedia</marc:subfield>
        </marc:datafield>
        <marc:datafield tag="338" ind1=" " ind2=" ">
            <marc:subfield code="a">sheet</marc:subfield>
            <marc:subfield code="b">nb</marc:subfield>
            <marc:subfield code="2">rdacarrier</marc:subfield>
        </marc:datafield>
        <marc:datafield tag="500" ind1=" " ind2=" ">
            <marc:subfield code="a">Cataloged from Guide.</marc:subfield>
        </marc:datafield>
        <marc:datafield tag="545" ind1=" " ind2=" ">
            <marc:subfield code="a">David Howell was a resident of Charlestown, Jefferson County, Virginia.</marc:subfield>
        </marc:datafield>
        <marc:datafield tag="520" ind1="8" ind2=" ">
            <marc:subfield code="a">Correspondence between David Howell and his wife Hannah, and Howell's father's family in Clark County, Ohio, discussing family matters with references to commodity prices, a smallpox epidemic in Wheeling, Virginia (now West Virginia), and Pittsburgh, Pennsylvania, 1829; the burning of Bushrod Washington's house; the death of President William Henry Harrison; and an abolitionist debate in Ohio.</marc:subfield>
        </marc:datafield>
        <marc:datafield tag="600" ind1="1" ind2="0">
            <marc:subfield code="a">Howell, David.</marc:subfield>
        </marc:datafield>
        <marc:datafield tag="600" ind1="1" ind2="0">
            <marc:subfield code="a">Howell, Hannah.</marc:subfield>
            <marc:subfield code="0">http://id.loc.gov/authorities/names/n85039413</marc:subfield>
        </marc:datafield>
        <marc:datafield tag="600" ind1="3" ind2="0">
            <marc:subfield code="a">Howell family.</marc:subfield>
            <marc:subfield code="0">http://id.loc.gov/authorities/subjects/sh85062660</marc:subfield>
        </marc:datafield>
        <marc:datafield tag="600" ind1="1" ind2="0">
            <marc:subfield code="a">Washington, Bushrod,</marc:subfield>
            <marc:subfield code="d">1762-1829.</marc:subfield>
            <marc:subfield code="0">http://id.loc.gov/authorities/names/n86071989</marc:subfield>
        </marc:datafield>
        <marc:datafield tag="600" ind1="1" ind2="0">
            <marc:subfield code="a">Harrison, William Henry,</marc:subfield>
            <marc:subfield code="d">1773-1841</marc:subfield>
            <marc:subfield code="0">http://id.loc.gov/authorities/names/n85345431</marc:subfield>
            <marc:subfield code="x">Death and burial.</marc:subfield>
            <marc:subfield code="0">http://id.loc.gov/authorities/subjects/sh99002024</marc:subfield>
        </marc:datafield>
        <marc:datafield tag="650" ind1=" " ind2="0">
            <marc:subfield code="a">Smallpox</marc:subfield>
            <marc:subfield code="0">http://id.loc.gov/authorities/subjects/sh85123612</marc:subfield>
            <marc:subfield code="z">Virginia.</marc:subfield>
            <marc:subfield code="0">http://id.loc.gov/authorities/names/n79022909</marc:subfield>
        </marc:datafield>
        <marc:datafield tag="650" ind1=" " ind2="0">
            <marc:subfield code="a">Smallpox</marc:subfield>
            <marc:subfield code="0">http://id.loc.gov/authorities/subjects/sh85123612</marc:subfield>
            <marc:subfield code="z">Pennsylvania</marc:subfield>
            <marc:subfield code="z">Pittsburgh.</marc:subfield>
            <marc:subfield code="0">http://id.loc.gov/authorities/names/n79054720</marc:subfield>
        </marc:datafield>
        <marc:datafield tag="650" ind1=" " ind2="0">
            <marc:subfield code="a">Antislavery movements</marc:subfield>
            <marc:subfield code="0">http://id.loc.gov/authorities/subjects/sh85123315</marc:subfield>
            <marc:subfield code="z">Ohio.</marc:subfield>
            <marc:subfield code="0">http://id.loc.gov/authorities/names/n79049197</marc:subfield>
        </marc:datafield>
        <marc:datafield tag="650" ind1=" " ind2="0">
            <marc:subfield code="a">Prices.</marc:subfield>
            <marc:subfield code="0">http://id.loc.gov/authorities/subjects/sh85106622</marc:subfield>
        </marc:datafield>
        <marc:datafield tag="655" ind1=" " ind2="7">
            <marc:subfield code="a">Personal correspondence.</marc:subfield>
            <marc:subfield code="2">aat</marc:subfield>
        </marc:datafield>
        <marc:datafield tag="905" ind1=" " ind2=" ">
            <marc:subfield code="a">MARCIVE 20200818</marc:subfield>
        </marc:datafield>
    </marc:record>