
    <marc:record>
        <marc:leader>01955cpcaa2200361Ii 4500</marc:leader>
        <marc:controlfield tag="001">002568485</marc:controlfield>
        <marc:controlfield tag="005">20200427114345.0</marc:controlfield>
        <marc:controlfield tag="008">990419s1836    lau                 eng d</marc:controlfield>
        <marc:datafield tag="035" ind1=" " ind2=" ">
            <marc:subfield code="a">41204497</marc:subfield>
        </marc:datafield>
        <marc:datafield tag="040" ind1=" " ind2=" ">
            <marc:subfield code="a">NDD</marc:subfield>
            <marc:subfield code="b">eng</marc:subfield>
            <marc:subfield code="e">rda</marc:subfield>
            <marc:subfield code="e">dacs</marc:subfield>
            <marc:subfield code="c">NDD</marc:subfield>
            <marc:subfield code="d">NDD</marc:subfield>
        </marc:datafield>
        <marc:datafield tag="041" ind1=" " ind2=" ">
            <marc:subfield code="a">eng</marc:subfield>
        </marc:datafield>
        <marc:datafield tag="049" ind1=" " ind2=" ">
            <marc:subfield code="a">NDDP</marc:subfield>
        </marc:datafield>
        <marc:datafield tag="100" ind1="1" ind2=" ">
            <marc:subfield code="a">Howe, Luther,</marc:subfield>
            <marc:subfield code="e">other.</marc:subfield>
        </marc:datafield>
        <marc:datafield tag="245" ind1="1" ind2="0">
            <marc:subfield code="a">Accounts of Luther Howe estate,</marc:subfield>
            <marc:subfield code="f">1836.</marc:subfield>
        </marc:datafield>
        <marc:datafield tag="264" ind1=" " ind2="0">
            <marc:subfield code="c">1836.</marc:subfield>
        </marc:datafield>
        <marc:datafield tag="300" ind1=" " ind2=" ">
            <marc:subfield code="a">1 volume</marc:subfield>
        </marc:datafield>
        <marc:datafield tag="336" ind1=" " ind2=" ">
            <marc:subfield code="a">text</marc:subfield>
            <marc:subfield code="b">txt</marc:subfield>
            <marc:subfield code="2">rdacontent</marc:subfield>
        </marc:datafield>
        <marc:datafield tag="337" ind1=" " ind2=" ">
            <marc:subfield code="a">unmediated</marc:subfield>
            <marc:subfield code="b">n</marc:subfield>
            <marc:subfield code="2">rdamedia</marc:subfield>
        </marc:datafield>
        <marc:datafield tag="338" ind1=" " ind2=" ">
            <marc:subfield code="a">volume</marc:subfield>
            <marc:subfield code="b">nc</marc:subfield>
            <marc:subfield code="2">rdacarrier</marc:subfield>
        </marc:datafield>
        <marc:datafield tag="500" ind1=" " ind2=" ">
            <marc:subfield code="a">Cataloged from Guide.</marc:subfield>
        </marc:datafield>
        <marc:datafield tag="545" ind1=" " ind2=" ">
            <marc:subfield code="a">Luther Howe was a plantation owner and brick plant operator in New Orleans, Louisiana.</marc:subfield>
        </marc:datafield>
        <marc:datafield tag="520" ind1="8" ind2=" ">
            <marc:subfield code="a">Bill of sale by the heirs of Luther Howe for his land, slaves, and a brick plant which he had operated in partnership with François Xavier Martin.</marc:subfield>
        </marc:datafield>
        <marc:datafield tag="600" ind1="1" ind2="0">
            <marc:subfield code="a">Howe, Luther.</marc:subfield>
        </marc:datafield>
        <marc:datafield tag="600" ind1="1" ind2="0">
            <marc:subfield code="a">Martin, François-Xavier,</marc:subfield>
            <marc:subfield code="d">1762-1846.</marc:subfield>
            <marc:subfield code="0">http://id.loc.gov/authorities/names/n85253087</marc:subfield>
        </marc:datafield>
        <marc:datafield tag="650" ind1=" " ind2="0">
            <marc:subfield code="a">Decedents' estates</marc:subfield>
            <marc:subfield code="0">http://id.loc.gov/authorities/subjects/sh85036175</marc:subfield>
            <marc:subfield code="z">Louisiana.</marc:subfield>
            <marc:subfield code="0">http://id.loc.gov/authorities/names/n79138970</marc:subfield>
        </marc:datafield>
        <marc:datafield tag="650" ind1=" " ind2="0">
            <marc:subfield code="a">Slave trade</marc:subfield>
            <marc:subfield code="0">http://id.loc.gov/authorities/subjects/sh85123311</marc:subfield>
            <marc:subfield code="z">Louisiana.</marc:subfield>
            <marc:subfield code="0">http://id.loc.gov/authorities/names/n79138970</marc:subfield>
        </marc:datafield>
        <marc:datafield tag="650" ind1=" " ind2="0">
            <marc:subfield code="a">Slavery</marc:subfield>
            <marc:subfield code="z">Louisiana</marc:subfield>
            <marc:subfield code="0">http://id.loc.gov/authorities/subjects/sh2010113254</marc:subfield>
            <marc:subfield code="x">History</marc:subfield>
            <marc:subfield code="y">19th century.</marc:subfield>
            <marc:subfield code="0">http://id.loc.gov/authorities/subjects/sh2002006167</marc:subfield>
        </marc:datafield>
        <marc:datafield tag="650" ind1=" " ind2="0">
            <marc:subfield code="a">Slaves</marc:subfield>
            <marc:subfield code="0">http://id.loc.gov/authorities/subjects/sh85123347</marc:subfield>
            <marc:subfield code="z">Louisiana.</marc:subfield>
            <marc:subfield code="0">http://id.loc.gov/authorities/names/n79138970</marc:subfield>
        </marc:datafield>
        <marc:datafield tag="650" ind1=" " ind2="0">
            <marc:subfield code="a">Real property</marc:subfield>
            <marc:subfield code="0">http://id.loc.gov/authorities/subjects/sh85111739</marc:subfield>
            <marc:subfield code="z">Louisiana.</marc:subfield>
            <marc:subfield code="0">http://id.loc.gov/authorities/names/n79138970</marc:subfield>
        </marc:datafield>
        <marc:datafield tag="650" ind1=" " ind2="0">
            <marc:subfield code="a">Plantations</marc:subfield>
            <marc:subfield code="z">Louisiana.</marc:subfield>
            <marc:subfield code="0">http://id.loc.gov/authorities/subjects/sh85102829</marc:subfield>
        </marc:datafield>
        <marc:datafield tag="650" ind1=" " ind2="0">
            <marc:subfield code="a">Brickworks</marc:subfield>
            <marc:subfield code="0">http://id.loc.gov/authorities/subjects/sh85016809</marc:subfield>
            <marc:subfield code="z">Louisiana.</marc:subfield>
            <marc:subfield code="0">http://id.loc.gov/authorities/names/n79138970</marc:subfield>
        </marc:datafield>
        <marc:datafield tag="655" ind1=" " ind2="7">
            <marc:subfield code="a">Bills of sale.</marc:subfield>
            <marc:subfield code="2">aat</marc:subfield>
        </marc:datafield>
        <marc:datafield tag="905" ind1=" " ind2=" ">
            <marc:subfield code="a">MARCIVE 20200818</marc:subfield>
        </marc:datafield>
    </marc:record>