
    <marc:record>
        <marc:leader>01539cpcaa2200313Ii 4500</marc:leader>
        <marc:controlfield tag="001">002566215</marc:controlfield>
        <marc:controlfield tag="005">20200428105509.0</marc:controlfield>
        <marc:controlfield tag="008">990414s1838    nyu                 eng d</marc:controlfield>
        <marc:datafield tag="035" ind1=" " ind2=" ">
            <marc:subfield code="a">41161255</marc:subfield>
        </marc:datafield>
        <marc:datafield tag="040" ind1=" " ind2=" ">
            <marc:subfield code="a">NDD</marc:subfield>
            <marc:subfield code="b">eng</marc:subfield>
            <marc:subfield code="e">rda</marc:subfield>
            <marc:subfield code="e">dacs</marc:subfield>
            <marc:subfield code="c">NDD</marc:subfield>
            <marc:subfield code="d">OCLCG</marc:subfield>
            <marc:subfield code="d">OCLCF</marc:subfield>
            <marc:subfield code="d">NDD</marc:subfield>
        </marc:datafield>
        <marc:datafield tag="041" ind1=" " ind2=" ">
            <marc:subfield code="a">eng</marc:subfield>
        </marc:datafield>
        <marc:datafield tag="049" ind1=" " ind2=" ">
            <marc:subfield code="a">NDDP</marc:subfield>
        </marc:datafield>
        <marc:datafield tag="100" ind1="1" ind2=" ">
            <marc:subfield code="a">Hubbell, Walter,</marc:subfield>
            <marc:subfield code="d">1795-1848,</marc:subfield>
            <marc:subfield code="0">http://id.loc.gov/authorities/names/nr92000322</marc:subfield>
            <marc:subfield code="e">creator.</marc:subfield>
        </marc:datafield>
        <marc:datafield tag="245" ind1="1" ind2="0">
            <marc:subfield code="a">Walter Hubbell letter,</marc:subfield>
            <marc:subfield code="f">1838.</marc:subfield>
        </marc:datafield>
        <marc:datafield tag="264" ind1=" " ind2="0">
            <marc:subfield code="c">1838.</marc:subfield>
        </marc:datafield>
        <marc:datafield tag="300" ind1=" " ind2=" ">
            <marc:subfield code="a">1 item</marc:subfield>
        </marc:datafield>
        <marc:datafield tag="336" ind1=" " ind2=" ">
            <marc:subfield code="a">text</marc:subfield>
            <marc:subfield code="b">txt</marc:subfield>
            <marc:subfield code="2">rdacontent</marc:subfield>
        </marc:datafield>
        <marc:datafield tag="337" ind1=" " ind2=" ">
            <marc:subfield code="a">unmediated</marc:subfield>
            <marc:subfield code="b">n</marc:subfield>
            <marc:subfield code="2">rdamedia</marc:subfield>
        </marc:datafield>
        <marc:datafield tag="338" ind1=" " ind2=" ">
            <marc:subfield code="a">sheet</marc:subfield>
            <marc:subfield code="b">nb</marc:subfield>
            <marc:subfield code="2">rdacarrier</marc:subfield>
        </marc:datafield>
        <marc:datafield tag="500" ind1=" " ind2=" ">
            <marc:subfield code="a">Cataloged from Guide.</marc:subfield>
        </marc:datafield>
        <marc:datafield tag="545" ind1=" " ind2=" ">
            <marc:subfield code="a">Walter Hubbell was a resident of Canandaigua, New York.</marc:subfield>
        </marc:datafield>
        <marc:datafield tag="520" ind1="8" ind2=" ">
            <marc:subfield code="a">Letter from Walter Hubbell to his wife describing his trip to Detroit through Lake Ontario and Lake Erie.</marc:subfield>
        </marc:datafield>
        <marc:datafield tag="600" ind1="1" ind2="0">
            <marc:subfield code="a">Hubbell, Walter,</marc:subfield>
            <marc:subfield code="d">1795-1848.</marc:subfield>
            <marc:subfield code="0">http://id.loc.gov/authorities/names/nr92000322</marc:subfield>
        </marc:datafield>
        <marc:datafield tag="600" ind1="1" ind2="7">
            <marc:subfield code="a">Hubbell, Walter,</marc:subfield>
            <marc:subfield code="d">1795-1848.</marc:subfield>
            <marc:subfield code="2">fast</marc:subfield>
            <marc:subfield code="0">http://id.worldcat.org/fast/297319</marc:subfield>
        </marc:datafield>
        <marc:datafield tag="651" ind1=" " ind2="0">
            <marc:subfield code="a">Detroit (Mich.)</marc:subfield>
            <marc:subfield code="0">http://id.loc.gov/authorities/names/n79045539</marc:subfield>
            <marc:subfield code="x">Description and travel.</marc:subfield>
            <marc:subfield code="0">http://id.loc.gov/authorities/subjects/sh99001278</marc:subfield>
        </marc:datafield>
        <marc:datafield tag="651" ind1=" " ind2="0">
            <marc:subfield code="a">Ontario, Lake (N.Y. and Ont.)</marc:subfield>
            <marc:subfield code="0">http://id.loc.gov/authorities/subjects/sh85094825</marc:subfield>
            <marc:subfield code="x">Description and travel.</marc:subfield>
            <marc:subfield code="0">http://id.loc.gov/authorities/subjects/sh99001278</marc:subfield>
        </marc:datafield>
        <marc:datafield tag="651" ind1=" " ind2="0">
            <marc:subfield code="a">Erie, Lake</marc:subfield>
            <marc:subfield code="0">http://id.loc.gov/authorities/subjects/sh85044620</marc:subfield>
            <marc:subfield code="x">Description and travel.</marc:subfield>
            <marc:subfield code="0">http://id.loc.gov/authorities/subjects/sh99001278</marc:subfield>
        </marc:datafield>
        <marc:datafield tag="655" ind1=" " ind2="7">
            <marc:subfield code="a">Personal correspondence.</marc:subfield>
            <marc:subfield code="2">aat</marc:subfield>
        </marc:datafield>
        <marc:datafield tag="905" ind1=" " ind2=" ">
            <marc:subfield code="a">MARCIVE 20200818</marc:subfield>
        </marc:datafield>
    </marc:record>